 @article{dominguez2017effects,
  title={Effects of beetroot juice supplementation on cardiorespiratory endurance in athletes. A systematic review},
  author={Dom{\'\i}nguez, Ra{\'u}l and Cuenca, Eduardo and Mat{\'e}-Mu{\~n}oz, Jos{\'e} Luis and Garc{\'\i}a-Fern{\'a}ndez, Pablo and Serra-Paya, Noem{\'\i} and Estevan, Mar{\'\i}a Carmen Lozano and Herreros, Pablo Veiga and Garnacho-Casta{\~n}o, Manuel Vicente},
  journal={Nutrients},
  volume={9},
  number={1},
  pages={43},
  year={2017},
  publisher={Multidisciplinary Digital Publishing Institute}
}

@article{de2019effect,
  title={Effect of beetroot juice supplementation on 10-km performance in recreational runners},
  author={de Castro, Talitha Fernandes and Manoel, Francisco de Assis and Figueiredo, Diogo Hilgemberg and Figueiredo, Diego Hilgemberg and Machado, Fabiana Andrade},
  journal={Applied Physiology, Nutrition, and Metabolism},
  volume={44},
  number={1},
  pages={90--94},
  year={2019},
  publisher={NRC Research Press}
}

@article{pawlak2019beetroot,
  title={Beetroot juice does not enhance supramaximal intermittent exercise performance in elite endurance athletes},
  author={Pawlak-Chaouch, Mehdi and Boissi{\`e}re, Julien and Munyaneza, D{\'e}sir{\'e} and Gamelin, Fran{\c{c}}ois-Xavier and Cuvelier, Gr{\'e}gory and Berthoin, Serge and Aucouturier, Julien},
  journal={Journal of the American College of Nutrition},
  volume={38},
  number={8},
  pages={729--738},
  year={2019},
  publisher={Taylor \& Francis}
}
@article{carriker2016nitrate,
  title={Nitrate-containing beetroot juice reduces oxygen consumption during submaximal exercise in low but not high aerobically fit male runners},
  author={Carriker, Colin R and Vaughan, Roger A and VanDusseldorp, Trisha A and Johnson, Kelly E and Beltz, Nicholas M and McCormick, James J and Cole, Nathan H and Gibson, Ann L},
  journal={Journal of Exercise Nutrition \& Biochemistry},
  volume={20},
  number={4},
  pages={27},
  year={2016},
  publisher={Korean Society for Exercise Nutrition}
}
@phdthesis{boorsma2013effect,
  title={The Effect of Acute and Chronic Beetroot Juice Supplementation on Submaximal Running and 1500 m Running Performance in Elite Distance Runners},
  author={Boorsma, Robert Kyle},
  year={2013},
  school={University of Guelph}
}
@article{balsalobre2018effects,
  title={The effects of beetroot juice supplementation on exercise economy, rating of perceived exertion and running mechanics in elite distance runners: A double-blinded, randomized study},
  author={Balsalobre-Fern{\'a}ndez, Carlos and Romero-Moraleda, Blanca and Cupeiro, Roc{\'\i}o and Peinado, Ana Bel{\'e}n and Butrague{\~n}o, Javier and Benito, Pedro J},
  journal={PloS one},
  volume={13},
  number={7},
  pages={e0200517},
  year={2018},
  publisher={Public Library of Science San Francisco, CA USA}
}
@article{thompson2016dietary,
  title={Dietary nitrate supplementation improves sprint and high-intensity intermittent running performance},
  author={Thompson, Christopher and Vanhatalo, Anni and Jell, Harry and Fulford, Jonathan and Carter, James and Nyman, Lara and Bailey, Stephen J and Jones, Andrew M},
  journal={Nitric Oxide},
  volume={61},
  pages={55--61},
  year={2016},
  publisher={Elsevier}
}
@article{casado2021influence,
  title={Influence of sex and acute beetroot juice supplementation on 2 KM running performance},
  author={Casado, Arturo and Dom{\'\i}nguez, Ra{\'u}l and Fernandes da Silva, Sandro and Bailey, Stephen J},
  journal={Applied Sciences},
  volume={11},
  number={3},
  pages={977},
  year={2021},
  publisher={MDPI}
}
@article{shannon2017dietary,
  title={Dietary nitrate supplementation enhances short but not longer duration running time-trial performance},
  author={Shannon, Oliver Michael and Barlow, Matthew John and Duckworth, Lauren and Williams, Emily and Wort, Georgina and Woods, David and Siervo, Mario and Oâ€™Hara, John Paul},
  journal={European journal of applied physiology},
  volume={117},
  number={4},
  pages={775--785},
  year={2017},
  publisher={Springer}
}
@article{lansley2011dietary,
  title={Dietary nitrate supplementation reduces the O2 cost of walking and running: a placebo-controlled study},
  author={Lansley, Katherine E and Winyard, Paul G and Fulford, Jonathan and Vanhatalo, Anni and Bailey, Stephen J and Blackwell, Jamie R and DiMenna, Fred J and Gilchrist, Mark and Benjamin, Nigel and Jones, Andrew M},
  journal={Journal of applied physiology},
  volume={110},
  number={3},
  pages={591--600},
  year={2011},
  publisher={American Physiological Society Bethesda, MD}
}
 @misc{sciencedaily_2009, title={Beetroot juice boosts stamina, new study shows}, url={https://www.sciencedaily.com/releases/2009/08/090806141520.htm}, journal={ScienceDaily}, publisher={ScienceDaily}, year={2009}, month={Aug}} 
  @misc{burfoot_2020, title={Why blood dope when drinking blood-red beet juice is just about as good?}, url={https://www.runnersworld.com/training/a20846986/why-blood-dope-when-drinking-blood-red-beet-juice-is-just-about-as-goo/}, journal={Runner's World}, publisher={Runner's World}, author={Burfoot, Amby}, year={2020}, month={Sep}} 
@article{nicolo2019comparison,
  title={A comparison of different methods to analyse data collected during time-to-exhaustion tests},
  author={Nicol{\`o}, Andrea and Sacchetti, Massimo and Girardi, Michele and McCormick, Alister and Angius, Luca and Bazzucchi, Ilenia and Marcora, Samuele M},
  journal={Sport Sciences for Health},
  volume={15},
  number={3},
  pages={667--679},
  year={2019},
  publisher={Springer}
}
@article{murphy2012whole,
  title={Whole beetroot consumption acutely improves running performance},
  author={Murphy, Margaret and Eliot, Katie and Heuertz, Rita M and Weiss, Edward},
  journal={Journal of the Academy of Nutrition and Dietetics},
  volume={112},
  number={4},
  pages={548--552},
  year={2012},
  publisher={Elsevier}
}
@book{daniels2013daniels,
  title={Daniels' running formula},
  author={Daniels, Jack},
  year={2013},
  publisher={Human Kinetics}
}
@article{lundberg2008nitrate,
  title={The nitrate--nitrite--nitric oxide pathway in physiology and therapeutics},
  author={Lundberg, Jon O and Weitzberg, Eddie and Gladwin, Mark T},
  journal={Nature reviews Drug discovery},
  volume={7},
  number={2},
  pages={156--167},
  year={2008},
  publisher={Nature Publishing Group}
}
@article{bailey2009dietary,
  title={Dietary nitrate supplementation reduces the O2 cost of low-intensity exercise and enhances tolerance to high-intensity exercise in humans},
  author={Bailey, Stephen J and Winyard, Paul and Vanhatalo, Anni and Blackwell, Jamie R and DiMenna, Fred J and Wilkerson, Daryl P and Tarr, Joanna and Benjamin, Nigel and Jones, Andrew M},
  journal={Journal of applied physiology},
  year={2009},
  publisher={American Physiological Society Bethesda, MD}
}

 @misc{wikisteptest,
    author = "{Wikipedia contributors}",
    title = "Harvard step test --- {Wikipedia}{,} The Free Encyclopedia",
    year = "2022",
    howpublished = "\url{https://en.wikipedia.org/w/index.php?title=Harvard_step_test&oldid=1070273578}",
    note = "[Online; accessed 3-July-2022]"
  }
  
  @article{brouha1943step,
  title={The step test: A simple method of measuring physical fitness for muscular work in young men},
  author={Brouha, Lucien},
  journal={Research Quarterly. American Association for Health, Physical Education and Recreation},
  volume={14},
  number={1},
  pages={31--37},
  year={1943},
  publisher={Taylor \& Francis}
}

@article{christensen2013influence,
  title={Influence of nitrate supplementation on VO2 kinetics and endurance of elite cyclists},
  author={Christensen, Peter M{\o}ller and Nyberg, M and Bangsbo, Jens},
  journal={Scandinavian journal of medicine \& science in sports},
  volume={23},
  number={1},
  pages={e21--e31},
  year={2013},
  publisher={Wiley Online Library}
}

@article{brandon1995physiological,
  title={Physiological factors associated with middle distance running performance},
  author={Brandon, L Jerome},
  journal={Sports medicine},
  volume={19},
  number={4},
  pages={268--277},
  year={1995},
  publisher={Springer}
}
@article{lundberg2008nitrate,
  title={The nitrate--nitrite--nitric oxide pathway in physiology and therapeutics},
  author={Lundberg, Jon O and Weitzberg, Eddie and Gladwin, Mark T},
  journal={Nature reviews Drug discovery},
  volume={7},
  number={2},
  pages={156--167},
  year={2008},
  publisher={Nature Publishing Group}
}
@article{govoni2008increase,
  title={The increase in plasma nitrite after a dietary nitrate load is markedly attenuated by an antibacterial mouthwash},
  author={Govoni, Mirco and Jansson, Emmelie {\AA} and Weitzberg, Eddie and Lundberg, Jon O},
  journal={Nitric oxide},
  volume={19},
  number={4},
  pages={333--337},
  year={2008},
  publisher={Elsevier}
}
@article{muggeridge2013effects,
  title={The effects of a single dose of concentrated beetroot juice on performance in trained flatwater kayakers},
  author={Muggeridge, David J and Howe, Christopher CF and Spendiff, Owen and Pedlar, Charles and James, Philip E and Easton, Chris},
  journal={International journal of sport nutrition and exercise metabolism},
  volume={23},
  number={5},
  pages={498--506},
  year={2013},
  publisher={Human Kinetics, Inc.}
}